@online{extempore,
  author = {Sorensen, Andrew},
  title = {Extempore},
  url = {https://github.com/digego/extempore},
  urldate = {2015-10-14}
}

@online{music21,
  author = {Cuthbert, Michael and Ariza, Christopher and Hogue, Benjamin and Oberholtzer, Josiah Wolf},
  title = {Music21},
  url = {http://web.mit.edu/music21/},
  urldate = {2015-10-15}
}

@online{musescore,
  author = {Schweer, Werner and Bonte, Thomas and Froment, Nicolas},
  title = {MuseScore},
  url = {https://musescore.org/},
  urldate = {2015-10-15}
}